@ARTICLE{mapReduce,
	AUTHOR = "Ghazal Assadipour, Joerg Evermann",
	TITLE = "Big Data Meets Process Mining: Implementing the Alpha Algorithm with Map-
Reduce",
	JOURNAL = {ResearchGate Conferance},
	MONTH = "March",
	YEAR = {2014}	}
